@article{massonneau2013etat,
  title={Etat de l’art des différents systèmes de pointages à l’oeil},
  author={Massonneau, Ang{\`e}le and Biard, Nicolas},
  journal={Dossier de la Plate-Forme Nouvelles Technologies, Assistance Publique Hôpitaux de Paris},
  year={2013}
}

@misc{tobiiintro,  
  author = {Tobii Technology},
  title = {An introduction to eye tracking and Tobii Eye Trackers},
  howpublished = {\url{http://www.tobii.com/en/eye-tracking-research/global/library/white-papers/tobii-eye-tracking-white-paper/}},
  year={2010},
  note = {Accédé le 15 janvier 2015}
}

@article{tobiiglasses,
  title={Tobii Glasses Eye Tracker},
  author={Tobii® Technology},
  journal={User Manual},
  year={2011}
}

@misc{pupil,  
  author = {Pupil Labs},
  title = {Pupil v0.3.6 - Marker Tracking},
  howpublished = {\url{http://www.pupil-labs.com/blog/2013/12/036-release.html}},
  year={2013},
  note = {Accédé le 15 janvier 2015}
}

@misc{eyecharm,  
  author = {Zaffagni, Marc},
  title = {EyeCharm : contrôler son PC du regard avec un capteur Kinect},
  howpublished = {\url{http://www.futura-sciences.com/magazines/high-tech/infos/actu/d/informatique-eyecharm-controler-son-pc-regard-capteur-kinect-45381/}},
  year={2013},
  note = {Accédé le 15 janvier 2015}
}

@article{gwon2013robust,
  title={Robust Eye and Pupil Detection Method for Gaze Tracking},
  author={Gwon, Su Yeong and Cho, Chul Woo and Lee, Hyeon Chang and Lee, Won Oh and Park, Kang Ryoung},
  journal={Int J Adv Robotic Sy},
  volume={10},
  number={98},
  year={2013}
}

@article{tobiieyetracker,
  title={TobiiX2-30EyeTracker},
  author={Tobii Technology},
  journal={User Manual},
  year={2014}
}

@article{cho2012gaze,
  title={Gaze detection by wearable eye-tracking and NIR LED-based head-tracking device based on SVR},
  author={Cho, Chul Woo and Lee, Ji Woo and Shin, Kwang Yong and Lee, Eui Chul and Park, Kang Ryoung and Lee, Heekyung and Cha, Jihun},
  journal={ETRI Journal},
  volume={34},
  number={4},
  pages={542--552},
  year={2012},
  publisher={Electronics and Telecommunications Research Institute}
}


@article{d2004etude,
  title={Etude de m{\'e}thodes de Clustering pour la segmentation d’images en couleurs},
  author={D’Hondt Fr{\'e}d{\'e}ric, El Khayati Brahim},
  journal={Facult{\'e} Polytechnique de Mons, 5{\`e}me Electricit{\'e}, Certificat Applicatifs Multim{\'e}dia},
  year={2004}
}

@article{raynaldetection,
  title={D{\'e}tection de pupille par combinaison des crit{\`e}res morphologiques et colorim{\'e}triques.},
  author={Raynal, Benjamin and Biri, Venceslas}
}

@article{schmaltzdetection,
  title={D{\'e}tection des contours de la pupille {\`a} l’aide des transform{\'e}es de Hough},
  author={Schmaltz, J{\'e}r{\^o}me}
}

@article{bergounioux2010quelques,
  title={Quelques m{\'e}thodes de filtrage en Traitement d'Image},
  author={Bergounioux, Maitine},
  year={2010}
}

@misc{trackeye,  
  title = {TrackEye : Real-Time Tracking Of Human Eyes Using a Webcam},
  howpublished = {\url{http://www.codeproject.com/Articles/26897/TrackEye-Real-Time-Tracking-Of-Human-Eyes-Using-a}},
  author = {Zafersavas},
  year={2008},
  note = {Accédé le 15 janvier 2015}
}

@article{lee2013remote,
  title={Remote Gaze Tracking System on a Large Display},
  author={Lee, Hyeon Chang and Lee, Won Oh and Cho, Chul Woo and Gwon, Su Yeong and Park, Kang Ryoung and Lee, Heekyung and Cha, Jihun},
  journal={Sensors},
  volume={13},
  number={10},
  pages={13439--13463},
  year={2013},
  publisher={Multidisciplinary Digital Publishing Institute}
}

@misc{openclassroomLaTeX,
  title        = {Rédigez des documents de qualité avec LaTeX},
  howpublished = {\url{http://fr.openclassrooms.com/informatique/cours/redigez-des-documents-de-qualite-avec-latex}},
  author = {Maguis, Noël-Arnaud},
  year={2013},
  note = {Accédé le 30 août 2014}
}